
-- REFERENCIA ROBO
@misc{patent_US1305535A,
    author={Joseph Grabowiecki},
    title={Vehicle Wheel},
    year={1919},
    month={Jun}
}
@misc{patent_US3789947A,
    author={Josef Blumrich},
    title={OMNIDIRECTIONAL WHEEL},
    year={1972},
    month={Apr}
}
@misc{patent_US3876255A,
    author={Bengt Ilon},
    title={Wheels for a course stable selfpropelling vehicle movable in any desired direction on the ground or some other base},
    year={1972},
    month={Nov}
}
@misc{draw_omniwheel,
    author = {vexrobotics},
    howpublished = "\url{https://www.vexrobotics.com/omni-wheels.html}",
    title = {VEXpro 3.25 OMNI WHEEL},
    year = {2015},
    month = {Aug}
}
@book{TAKAHASHI, 
  author  = {AGUIRRE, Luis A. and BRUCIAPAGLIA, Augusto H. and MIYAGI, Paulo E. and TAKAHASHI, Ricardo H.},
  title = {Enciclopédia de automática: controle e automação, volume III},
  year = {2017},
  publisher  = {Editora Blucher},
  isbn = {9788521207733}
}
@misc{sri_international,
    author = {{SRI International}},
    howpublished = "\url{https://www.sri.com/hoi/shakey-the-robot/}",
    title = {Shakey the Robot},
    year = {2015},
    month = {Aug}
}
@misc{mobile_manipulator_robot,
    author = {Youssef Mestiri},
    howpublished = "\url{https://bibliotecadigital.ipb.pt/handle/10198/25146}",
    title = {Mobile manipulator robot: omni 3 wheels manipulator robot},
    year = {2022}
}


@article{vectorial_speeds_simulations,
    author = {Oliveira, Helder and Sousa, Armando and Moreira, A. and Costa, Paulo},
    year = {2008},
    month = {05},
    title = {Dynamical Models for Omni-directional Robots with 3 and 4 Wheels},
    journal = {ICINCO 2008 - Proceedings of the 5th International Conference on Informatics in Control, Automation and Robotics}
}


-- NÃO REFERENCIADO
@book{power_electronics, 
  author  = {Mohan, Ned and Undeland, Tore M  and Robbins, William P.},
  title = {Power Electronics - Converters, Applications, and Design},
  year = {1995},
  month = {Feb},
  edition  = {2},
  publisher  = {Jonh Wiley \& Sons},
  isbn = {978-0471584087}
}




 -- IMPRESSORA 3D
@book{manufatura_aditiva, 
  author  = {Gebhardt, Andreas},
  title = {Understanding Additive Manufacturing},
  year = {2011},
  month = {Nov},
  edition  = {1},
  publisher  = {Hanser Publications},
  isbn = {978-3446425521}
}
@book{computer_aided_esign, 
  author  = {Groover, Mikell P. and Zimmers, Emore W},
  title = {CAD/CAM: Computer-Aided Design and Manufacturing},
  year = {1984},
  edition  = {1},
  publisher  = {PTR Prentice Hall},
  isbn = {0-131101307}
}
@misc{filamento_pla_produto,
    author = {Kabum},
    howpublished = "\url{https://www.kabum.com.br/produto/158342/filamento-pla-para-impressora-3d-3dlab-preto-1100}",
    title = {Filamento PLA para Impressora 3D 3DLAB - Kabum.com}
}







-- BLUETOOTH
@misc{hc05_produto,
    author = {{IOT Robotica}},
    howpublished = "\url{https://www.iot-robotica.com.br/produto/modulo-bluetooth-hc-05}",
    title = {Módulo Bluetooth HC-05 - IOT Robotica}
}
@misc{hc05_image,
    author = {{Arduino e Eletrônica}},
    howpublished = "\url{https://arduinoeeletronica.com.br/produto/modulo-bt-bluetooth-master-slave-hc-05/}",
    title = {Imagem do módulo HC-05}
}





-- ALIMENTACAO
@misc{micro_usb_b,
    author = {{Newnex Technology Corp}},
    howpublished = "\url{https://newnex.com/usb-connector-type-guide.php}",
    title = {USB Connector Types Guide}
}
@misc{bateria_6v_produto,
    author = {MagazineLuiza},
    howpublished = "\url{https://www.magazineluiza.com.br/kit-bateria-e-carregador-para-moto-eletrica-6v-45ah-unipower/p/jbj53g1cad/au/baau/}",
    title = {Kit bateria e carregador para moto elétrica 6v 4,5ah - Unipower - MagazineLuiza}
}
@misc{bosch_12v,
    author = {BOSCH},
    howpublished = "\url{https://www.lojaboschferramentas.com.br/bateria-de-ions-de-litio-bosch-gba-12v-20ah-bateria-bosch/p}",
    title = {Bateria de Íons de Lítio Bosch GBA 12V 2,0Ah},
    year={2021}
}




-- ARDUINO
@misc{arduino_id_history,
    author = {Arduino},
    howpublished = "\url{https://www.arduino.cc/en/software/ReleaseNotes}",
    title = {Release Notes - Arduino Software}
}
@misc{arduino_tag_2,
    author = {Arduino},
    howpublished = "\url{https://github.com/arduino/arduino-ide/releases/tag/2.0.0}",
    title = {Projeto arduino-ide - tag 2.0.0}
}


--SOFTWARE APPS
@article{rbg_hsl_hsv,
    author = {N'guessan, Sylvia and Ling, Nam},
    year = {2018},
    month = {12},
    pages = {},
    title = {Saturation-aware human attention region of interest algorithm for efficient video compression},
    volume = {77},
    journal = {Multimedia Tools and Applications},
    doi = {10.1007/s11042-018-6108-0}
}
@article{hsv_model,
    author = {Lidouh, Karim and De Smet, Yves and Zimanyi, Esteban},
    year = {2011},
    month = {05},
    pages = {29 - 35},
    title = {An adaptation of the GAIA visualization method for cartography},
    doi = {10.1109/SMDCM.2011.5949270}
}




-- RODAS
@misc{omin_wheel_produto,
    author = {Kabum},
    howpublished = "\url{https://pt.aliexpress.com/item/1005002345732449.html?spm=a2g0o.order_detail.order_detail_item.3.2cdd4c7f1y6QXZ&gatewayAdapt=glo2bra}",
    title = {Roda Omni-Direcional de Nylon - Aliexpress}
}
@misc{omin_wheel_produto_2,
    author = {{Rapid Robotics Australia}},
    howpublished = "\url{https://rapidroboticsaustralia.com/products/58mm-nylon-omni-directional-wheel-4mm-hub}",
    title = {58mm Nylon Omni-Directional Wheel (4mm Hub)}
}






-- DRIVER
@misc{drv8833_produto,
    author = {{RS Robotica}},
    howpublished = "\url{https://www.rsrobotica.com.br/produto/ponte-h-dupla-2-canais-drv8833-2a.html}",
    title = {PONTE H DUPLA (2 CANAIS) DRV8833 2A - RS Robotica}
}
@booklet{toshiba_ponte_h, 
  author  = {{TOSHIBA ELECTRONICS EUROPE GMBH}},
  title = {The H-bridge motor driver with a bridge to a wonderful heritage},
  howpublished  = "\url{https://www.electroya.com/pt/produto/driver-de-driver-duplo-para-motores-de-passo-e-dc-l298n/}",
  year = {2020}
}
@misc{l298n_produto,
    author = {{Maker Hero}},
    howpublished = "\url{https://www.makerhero.com/produto/driver-motor-ponte-h-l298n/}",
    title = {Driver Motor Ponte H L298n - Maker Hero Loja Virtual}
}
@misc{l289n,
    author = {electroYA},
    howpublished = "\url{https://www.electroya.com/pt/produto/driver-de-driver-duplo-para-motores-de-passo-e-dc-l298n/}",
    title = {CONTROLADOR DUAL / CONTROLLER PARA STEPPER E DC MOTORS - L298N}
}
@misc{DRV8833_image,
    author = {{Simple Circuit}},
    howpublished = "\url{https://simple-circuit.com/interfacing-arduino-with-drv8833-motor-driver-module/}",
    title = {Interfacing Arduino with DRV8833 Dual Motor Driver Module}
}
@misc{datasheel_l298n,
    author = {ST-Microelectronics},
    howpublished = "\url{https://www.sparkfun.com/datasheets/Robotics/L298_H_Bridge.pdf}",
    title = {L298N Dual Full-Bridge Driver Datasheet}
}
@misc{datasheel_dvr8833,
    author = {{Texas Instruments}},
    howpublished = "\url{https://pdf1.alldatasheet.com/datasheet-pdf/view/437529/TI1/DRV8833.html}",
    title = {DVR8833 Dual H-Bridge Motor Driver Datasheet}
}
@misc{DRV8874,
    author = {Pololu},
    howpublished = "\url{https://www.pololu.com/product/4035}",
    title = {DRV8874 Single Brushed DC Motor Driver Carrier}
}





-- MOTOR DE PASSO
@misc{jk42hs40_1704_13a_esp,
    author = {{CHANGZHOU JKONGMOTOR CO. LTD}},
    howpublished = "\url{https://www.jkongmotor.com/Product/JKM-1-8Deg-Nema-17-Stepper-Motor.html}",
    title = {JK42HS40_1704_13A Especificações}
}
@misc{jk42hs40_1704_13a,
    author = {{CHANGZHOU JKONGMOTOR CO. LTD}},
    howpublished = "\url{https://www.jkongmotor.com/Product/JKM-1-8Deg-Nema-17-Stepper-Motor.html}",
    title = {JK42HS40_1704_13A}
}
@misc{jk42hs40_1704_13a_pinout,
    author = {LastMinuteEngineers.com},
    howpublished = "\url{https://lastminuteengineers.com/drv8825-stepper-motor-driver-arduino-tutorial/}",
    title = {jk42hs40_1704_13a_pinout}
}




-- MOTOR DC
@misc{encoder_ppr,
    author = {Ryan Smoot},
    howpublished = "\url{https://www.cuidevices.com/blog/what-is-encoder-ppr-cpr-and-lpr}",
    title = {What's the Difference Between an Incremental Encoder's PPR, CPR, and LPR}
}
@book{Maquinas_eletricas, 
  author  = {Fitzgerald and Kingley  and Umans, Stephrn D.},
  title = {Máquinas elétricas},
  year = {2014},
  edition  = {7},
  publisher  = {AMGH Editora Ltda}
}
@misc{motor_dc_6v_encoder,
    author = {{Shenzhen Chihai Motor Co. LTD}},
    howpublished = "\url{https://pt.aliexpress.com/item/4000761877459.html?spm=a2g0o.store_pc_allProduct.8148356.49.53913202eMQDkw}",
    title = {Holzer Encoder Data}
}
@misc{chinhai_motor,
    author = {{Shenzhen Chihai Motor Co. LTD}},
    howpublished = "\url{https://www.banggood.com/pt/CHIHAI-MOTOR-6V-210RPM-Encoder-Motor-DC-Gear-Motor-with-Mounting-Bracket-and-Wheel-p-1044064.html?utm_source=googleshopping&utm_medium=cpc_organic&gmcCountry=BR&utm_content=minha&utm_campaign=minha-br-pt-pc&currency=BRL&cur_warehouse=CN&createTmp=1&utm_source=googleshopping&utm_medium=cpc_pt&utm_campaign=aceng-pmax-br-main-roas5-all-220407&utm_content=kawhi&ad_id=&gclid=CjwKCAjwgr6TBhAGEiwA3aVuIWsWcD5MV9VxdWcRutbZPqLftCYN4WGCsRkPi_GJtY4J-5SVenmRihoCPRMQAvD_BwE}",
    title = {Holzer Encoder Data}
}
@misc{motor_dc_6v_produto,
    author = {{Baú da eletrônica}},
    howpublished = "\url{https://www.baudaeletronica.com.br/produto/motor-dc-6v-com-encoder-210-rpm.html?utm_source=Site&utm_medium=GoogleMerchant&utm_campaign=GoogleMerchant&gclid=CjwKCAjwloynBhBbEiwAGY25dBF4OYqWZPQHVpSyXfMUc8OfJL-8UhRa5B-7ZVNX0gwDfpBtudrWghoCW_AQAvD_BwE/}",
    title = {Motor DC 6V com Encoder 210 RPM - Baú da eletrônica Loja Virtual}
}


@misc{bateria_6v_ref_1,
    author = {{Grupo Elgin}},
    howpublished = "\url{https://www.elgin.com.br/Produtos/Informatica/baterias-seladas/bateria-selada-de-chumbo-6v-4,5ah}",
    title = {Bateria selada de chumbo 6V 4,5Ah}
}

@misc{bateria_6v_ref_2,
    author = {Intelbras},
    howpublished = "\url{https://www.intelbras.com/pt-br/bateria-de-chumbo-acido-6-v-xb-645}",
    title = {XB 645 - Bateria de chumbo-ácido 6 V}
}






-- STM32
@booklet{apostila_microprossados,
  author    = {João Ranhel}, 
  title     = {Sistemas Microprocessados - Apostila com práticas e foco nos processadores ARM CORTEX},
  year      = 2017,
  month     = {Ago}
}
@booklet{cortex_m3,
  author    = {ARM}, 
  title     = {Cortex-M3 Devices Generic User Guide},
  year      = 2010,
  month     = {Dec},
  note      = {issue A},
  howpublished  = "\url{https://developer.arm.com/documentation/dui0552/latest/}",
}
@booklet{stm_doc,
  author    = {Geoffrey Brown}, 
  title     = {Discovering the STM32 Microcontroller},
  year      = 2016,
  month     = {Jun},
  howpublished  = "\url{https://legacy.cs.indiana.edu/~geobrown/book.pdf}",
}
@misc{STM32duino,
    author = {Frédéric Pillon},
    howpublished = "\url{https://github.com/stm32duino}",
    title = {Projeto STM32duino}
}
@misc{arduino_stm32,
    author = {Roger Clark},
    howpublished = "\url{https://github.com/rogerclarkmelbourne/Arduino_STM32}",
    title = {Projeto Arduino\_STM32}
}
@misc{stm32duino_bootloader,
    author = {Roger Clark},
    howpublished = "\url{https://github.com/rogerclarkmelbourne/Arduino_STM32}",
    title = {STM32duino-bootloader}
}
@misc{stm32_produto,
    author = {{Baú da eletrônica}},
    howpublished = "\url{https://www.baudaeletronica.com.br/produto/placa-de-desenvolvimento-stm32-f103c8t6.html}",
    title = {STM32 F103C8T6 - Baú da eletrônica Loja Virtual}
}
@misc{stm32_base_org,
    author = {{STM32-base project}},
    howpublished = "\url{https://stm32-base.org/boards/STM32F103C8T6-Blue-Pill.html}",
    title = {Blue Pill}
}
@misc{stm32_base,
    author = {{STM32-base project}},
    howpublished = "\url{https://github.com/STM32-base/STM32-base}",
    title = {STM32-base}
}
@booklet{stm32_datasheet, 
    author = {ST-Microelectronics},
    title = {STM32F103x8  STM32F103xB},
    howpublished = "\url{https://www.st.com/resource/en/datasheet/stm32f103c8.pdf}",
    year = {2023}
}




-- ST LINK V2
@misc{st_link_v2,
    author = {ST-Microelectronics},
    howpublished = "\url{https://www.st.com/en/development-tools/st-link-v2.html}",
    title = {ST-LINK V2}
}
@misc{stlinkv2_cheap_ref,
    author = {{Euler Oliveira}},
    howpublished = "\url{https://www.achavevirou.com.br/gravador-st-link-v2-para-stm32-e-stm8}",
    title = {Gravador ST-Link V2 para STM32 e STM8}
}
@misc{stlinkv2_cheap_pin_diff_ref,
    author = {{UNIVERSAL-SOLDER Electronics Ltd}},
    howpublished = "\url{https://universal-solder.ca/st-link-v2-usb-programmer-debugger/}",
    title = {ST-LINK V2 USB Programmer – Debugger}
}






-- ESP References
@misc{anuncio_esp32,
    author = {Espressif Systems},
    howpublished = "\url{https://www.espressif.com/en/media_overview/news/20160907-esp32briefing}",
    title = {Espressif Announces the Launch of ESP32 Cloud on Chip and Funding by Fosun Group},
    year = {2016},
    month = {09},
}
@misc{esp_max_current,
    author = {LastMinuteEngineers.com},
    howpublished = "\url{https://lastminuteengineers.com/esp32-sleep-modes-power-consumption/}",
    title = {Insight Into ESP32 Sleep Modes and Their Power Consumptione}
}
@misc{esp32_reference_2,
    author = {{CIRCUITSTATE Electronics}},
    howpublished = "\url{https://www.circuitstate.com/pinouts/doit-esp32-devkit-v1-wifi-development-board-pinout-diagram-and-reference/}",
    title = {DOIT ESP32 DevKit V1 Wi-Fi Development Board – Pinout Diagram and Arduino Reference},
    year = {2022},
    month = {12},
}
@misc{esp32_reference,
    author = {LastMinuteEngineers.com},
    howpublished = "\url{https://lastminuteengineers.com/esp32-pinout-reference/}",
    title = {ESP32 Pinout Reference}
}
@booklet{esp32_datasheet, 
    author = {{Espressif Systems}},
    title = {ESP32 Series Datasheet Version 4.7},
    howpublished = "\url{https://www.espressif.com/sites/default/files/documentation/esp32_datasheet_en.pdf}",
    year = {2024}
}
@booklet{esp32_wroom_32e_datasheet, 
    author = {{Espressif Systems}},
    title = {ESP32 Series Datasheet Version 1.7},
    howpublished = "\url{https://www.espressif.com/sites/default/files/documentation/esp32-wroom-32e_esp32-wroom-32ue_datasheet_en.pdf}",
    year = {2024}
}
@misc{esp32_reference_power_supply_1,
    author = {{Tech Explorations}},
    howpublished = "\url{https://techexplorations.com/guides/esp32/begin/power/}",
    title = {ESP32 dev kit power options}
}
@misc{esp32_reference_power_supply_2,
    author = {GRobotronics},
    howpublished = "\url{https://grobotronics.com/esp32-development-board-devkit-v1.html}",
    title = {ESP32 Development Board - DEVKIT V1}
}

@misc{arduino_esp32,
    author = {{Espressif Systems}},
    howpublished = "\url{https://github.com/espressif/arduino-esp32}",
    title = {Projeto arduino-esp32}
}

