

@misc{patent_US1305535A,
    author={Grabowiecki, Joseph},
    title={Vehicle Wheel},
    year={1919},
    month={Jun}
}

@misc{patent_US3789947A,
    author={Blumrich, Josef},
    title={OMNIDIRECTIONAL WHEEL},
    year={1972},
    month={Apr}
}
@misc{patent_US3876255A,
    author={Ilon, Bengt},
    title={Wheels for a course stable selfpropelling vehicle movable in any desired direction on the ground or some other base},
    year={1972},
    month={Nov}
}

@misc{draw_omniwheel,
    author = {vexrobotics},
    howpublished = "\url{https://www.vexrobotics.com/omni-wheels.html}",
    title = {VEXpro 3.25 OMNI WHEEL},
    year = {2015},
    montn = {Aug}
}

@booklet{cortex_m3,
  author    = {ARM}, 
  title     = {Cortex-M3 Devices Generic User Guide},
  year      = 2010,
  month     = {Dec},
  note      = {issue A},
  howpublished  = "\url{https://developer.arm.com/documentation/dui0552/latest/}",
}

@booklet{stm_doc,
  author    = {Geoffrey Brown}, 
  title     = {Discovering the STM32 Microcontroller},
  year      = 2016,
  month     = {Jun},
  howpublished  = "\url{https://legacy.cs.indiana.edu/~geobrown/book.pdf}",
}


@book{TAKAHASHI, 
  author  = {AGUIRRE, Luis A. and BRUCIAPAGLIA, Augusto H. and MIYAGI, Paulo E. and TAKAHASHI, Ricardo H.},
  title = {Enciclopédia de automática : controle e automação, volume III},
  year = {2017},
  publisher  = {Editora Blucher},
  isbn = {9788521207733}
}


@misc{sri_international,
    author = {SRI International},
    howpublished = "\url{https://www.sri.com/hoi/shakey-the-robot/}",
    title = {Shakey the Robot},
    year = {2015},
    month = {Aug}
}


@misc{mobile_manipulator_robot,
    author = {Youssef Mestiri},
    howpublished = "\url{https://bibliotecadigital.ipb.pt/handle/10198/25146}",
    title = {Mobile manipulator robot: omni 3 wheels manipulator robot},
    year = {2022}
}


@misc{encoder_ppr,
    author = {Ryan Smoot},
    howpublished = "\url{https://www.cuidevices.com/blog/what-is-encoder-ppr-cpr-and-lpr}",
    title = {What's the Difference Between an Incremental Encoder's PPR, CPR, and LPR?}
}




@book{Maquinas_eletricas, 
  author  = {Fitzgerald and Kingley  and Umans, Stephrn D.},
  title = {Máquinas elétricas},
  year = {2014},
  edition  = {7},
  publisher  = {AMGH Editora Ltda}
}


@misc{motor_dc_6v_encoder,
    author = {Shenzhen Chihai Motor Co. LTD},
    howpublished = "\url{https://pt.aliexpress.com/item/4000761877459.html?spm=a2g0o.store_pc_allProduct.8148356.49.53913202eMQDkw}",
    title = {Holzer Encoder Data}
}

@misc{chinhai_motor,
    author = {Shenzhen Chihai Motor Co. LTD},
    howpublished = "\url{https://www.banggood.com/pt/CHIHAI-MOTOR-6V-210RPM-Encoder-Motor-DC-Gear-Motor-with-Mounting-Bracket-and-Wheel-p-1044064.html?utm_source=googleshopping&utm_medium=cpc_organic&gmcCountry=BR&utm_content=minha&utm_campaign=minha-br-pt-pc&currency=BRL&cur_warehouse=CN&createTmp=1&utm_source=googleshopping&utm_medium=cpc_pt&utm_campaign=aceng-pmax-br-main-roas5-all-220407&utm_content=kawhi&ad_id=&gclid=CjwKCAjwgr6TBhAGEiwA3aVuIWsWcD5MV9VxdWcRutbZPqLftCYN4WGCsRkPi_GJtY4J-5SVenmRihoCPRMQAvD_BwE}",
    title = {Holzer Encoder Data}
}
@misc{l289n,
    author = {electroYA},
    howpublished = "\url{https://www.electroya.com/pt/produto/driver-de-driver-duplo-para-motores-de-passo-e-dc-l298n/}",
    title = {CONTROLADOR DUAL / CONTROLLER PARA STEPPER E DC MOTORS - L298N}
}



@book{power_electronics, 
  author  = {Mohan, Ned and Undeland, Tore M  and Robbins, William P.},
  title = {Power Electronics - Converters, Applications, and Design},
  year = {1995},
  month = {Feb},
  edition  = {2},
  publisher  = {Jonh Wiley \& Sons},
  isbn = {978-0471584087}
}


@booklet{toshiba_ponte_h, 
  author  = {TOSHIBA ELECTRONICS EUROPE GMBH},
  title = {The H-bridge motor driver with a bridge to a wonderful heritage},
  howpublished  = "\url{https://www.electroya.com/pt/produto/driver-de-driver-duplo-para-motores-de-passo-e-dc-l298n/}",
  year = {2020}
}


@booklet{apostila_microprossados,
  author    = {Geoffrey Brown}, 
  title     = {Sistemas Microprocessados - Apostila com práticas e foco nos processadores ARM CORTEX},
  year      = 2017,
  month     = {Ago}
}


@misc{datasheel_l298n,
    author = {STMicroelectronics},
    howpublished = "\url{https://www.sparkfun.com/datasheets/Robotics/L298_H_Bridge.pdf}",
    title = {L298N Dual Full-Bridge Driver Datasheet}
}

@misc{DRV8874,
    author = {Pololu},
    howpublished = "\url{https://www.pololu.com/product/4035}",
    title = {DRV8874 Single Brushed DC Motor Driver Carrier}
}



