

@misc{patent_US1305535A,
    author={Grabowiecki, Joseph},
    title={Vehicle Wheel},
    year={1919},
    month={Jun}
}

@misc{patent_US3789947A,
    author={Blumrich, Josef},
    title={OMNIDIRECTIONAL WHEEL},
    year={1972},
    month={Apr}
}
@misc{patent_US3876255A,
    author={Ilon, Bengt},
    title={Wheels for a course stable selfpropelling vehicle movable in any desired direction on the ground or some other base},
    year={1972},
    month={Nov}
}

@misc{draw_omniwheel,
    author = {vexrobotics},
    howpublished = "\url{https://www.vexrobotics.com/omni-wheels.html}",
    title = {VEXpro 3.25 OMNI WHEEL},
    year = {2015},
    montn = {Aug}
}

@book{cortex_m3,
  author    = {ARM}, 
  title     = {Cortex-M3 Devices Generic User Guide},
  year      = 2010,
  month     = {Dec},
  note      = {issue A}
}

@book{stm_doc,
  author    = {Geoffrey Brown}, 
  title     = {Discovering the STM32 Microcontroller},
  year      = 2016,
  month     = {Jun}
}


@book{TAKAHASHI, 
  author  = {AGUIRRE, Luis A. and BRUCIAPAGLIA, Augusto H. and MIYAGI, Paulo E. and TAKAHASHI, Ricardo H.},
  title = {Enciclopédia de automática : controle e automação, volume III},
  year = {2017},
  publisher  = {Editora Blucher},
  isbn = {9788521207733}
}


@misc{sri_international,
    author = {SRI International},
    howpublished = "\url{https://www.sri.com/hoi/shakey-the-robot/}",
    title = {Shakey the Robot},
    year = {2015},
    montn = {Aug}
}


@misc{encoder_ppr,
    author = {Ryan Smoot},
    howpublished = "\url{https://www.cuidevices.com/blog/what-is-encoder-ppr-cpr-and-lpr}",
    title = {What's the Difference Between an Incremental Encoder's PPR, CPR, and LPR?}
}




@book{Maquinas_eletricas, 
  author  = {Fitzgerald and Kingley  and Umans, Stephrn D.},
  title = {Máquinas elétricas},
  year = {2014},
  edition  = {7},
  publisher  = {AMGH Editora Ltda}
}


@misc{encoder_holzer,
    author = {Shenzhen Chihai Motor Co. LTD},
    howpublished = "\url{https://pt.aliexpress.com/item/4000761877459.html?spm=a2g0o.store_pc_allProduct.8148356.49.53913202eMQDkw}",
    title = {Holzer Encoder Data}
}

